@unpublished{Cao,
  author = {Yuan Cao},
  title   = {A \$500 DIY near-IR spectrometer that would sell for \$10,000},
  institution  = {Massachusetts Institute of Technology},
  url   = {https://caoyuan.scripts.mit.edu/ir_spec.html}
}

@article{Mouazen2007,
  doi = {10.1016/j.still.2006.03.009},
  url = {https://doi.org/10.1016/j.still.2006.03.009},
  year = {2007},
  month = mar,
  publisher = {Elsevier {BV}},
  volume = {93},
  number = {1},
  pages = {13--27},
  author = {A.M. Mouazen and M.R. Maleki and J. De Baerdemaeker and H. Ramon},
  title = {On-line measurement of some selected soil properties using a {VIS}{\textendash}{NIR} sensor},
  journal = {Soil and Tillage Research}
}

@unpublished{Davidson,
  author = {Michael W. Davidson},
  title  = {Education in Microscopy and Digital Imaging},
  institution = {National High Magnetic Field Laboratory, Florida State University},
  url = {https://zeiss-campus.magnet.fsu.edu/articles/lightsources/tungstenhalogen.html}
}

@article{Meyers,
  author          = {Meyers, Scott and Alexandrescu, Andrei},
  journal         = {Dr. Dobb's Journal},
  title           = {C++ and the Perils of Double-Checked Locking},
  year            = {July/August 2004},
  url             = {https://www.aristeia.com/Papers/DDJ_Jul_Aug_2004.pdf}
}